<?xml version="1.0" encoding="UTF-8"?>
<record xmlns="http://www.loc.gov/MARC21/slim" xmlns:xsi="http://www.w3.org/2001/XMLSchema-instance" xsi:schemaLocation="http://www.loc.gov/MARC21/slim http://www.loc.gov/standards/marcxml/schema/MARC21slim.xsd">
<leader>00000nam a2200313 a 4500</leader>
<controlfield tag="001">001525238</controlfield>
<controlfield tag="003">NNU</controlfield>
<controlfield tag="005">20061010173044.0</controlfield>
<controlfield tag="008">990527s1941    ua a     b    000 0 ara d</controlfield>
<datafield tag="035" ind1="9" ind2=" ">
<subfield code="a">NYUb12002537</subfield>
</datafield>
<datafield tag="035" ind1=" " ind2=" ">
<subfield code="a">(CStRLIN)NYUG99-B1307</subfield>
</datafield>
<datafield tag="040" ind1=" " ind2=" ">
<subfield code="a">MiU</subfield>
<subfield code="c">MiU</subfield>
<subfield code="d">NNU</subfield>
</datafield>
<datafield tag="050" ind1=" " ind2="4">
<subfield code="a">NK720</subfield>
<subfield code="b">.H3</subfield>
</datafield>
<datafield tag="066" ind1=" " ind2=" ">
<subfield code="c">(3</subfield>
</datafield>
<datafield tag="090" ind1=" " ind2=" ">
<subfield code="a">NK720</subfield>
<subfield code="b">.H3</subfield>
</datafield>
<datafield tag="100" ind1="1" ind2=" ">
<subfield code="a">Ḥasan, Zakī Muḥammad</subfield>
<subfield code="6">880-01</subfield>
</datafield>
<datafield tag="245" ind1="1" ind2="3">
<subfield code="6">880-02</subfield>
<subfield code="a">al-Ṣīn wa-funūn al-Islām /</subfield>
<subfield code="c">Zakī Muḥammad Ḥasan.</subfield>
</datafield>
<datafield tag="260" ind1=" " ind2=" ">
<subfield code="6">880-03</subfield>
<subfield code="a">al-Qāhirah :</subfield>
<subfield code="b">al-Majmaʻ al-Miṣrī lil-Thaqāh al-ʻIlmīyah,</subfield>
<subfield code="c">1941.</subfield>
</datafield>
<datafield tag="300" ind1=" " ind2=" ">
<subfield code="a">83 p., 32 leaves of plates :</subfield>
<subfield code="b">ill. ;</subfield>
<subfield code="c">25 cm.</subfield>
</datafield>
<datafield tag="490" ind1="1" ind2=" ">
<subfield code="6">880-04</subfield>
<subfield code="a">Maṭbūʻāt al-Majmaʻ al-Miṣrī lil-Thaqāfah al-ʻIlmīyah</subfield>
</datafield>
<datafield tag="504" ind1=" " ind2=" ">
<subfield code="a">Includes bibliographical references (p. 75-76).</subfield>
</datafield>
<datafield tag="650" ind1=" " ind2="0">
<subfield code="a">Islamic decorative arts.</subfield>
</datafield>
<datafield tag="650" ind1=" " ind2="0">
<subfield code="a">Art, Chinese</subfield>
<subfield code="x">Islamic influences.</subfield>
</datafield>
<datafield tag="880" ind1="1" ind2=" ">
<subfield code="6">100-01/</subfield>
<subfield code="a">حسن، زكي محمد.</subfield>
</datafield>
<datafield tag="880" ind1="1" ind2="2">
<subfield code="6">245-02/</subfield>
<subfield code="a">الصين وفنون الاسلام /</subfield>
<subfield code="c">زكي محمد حسن.</subfield>
</datafield>
<datafield tag="880" ind1=" " ind2=" ">
<subfield code="6">260-03/</subfield>
<subfield code="a">القاهرة :</subfield>
<subfield code="b">المجمع المصرية للثقافة العلمية،</subfield>
<subfield code="c">١٩٤١.</subfield>
</datafield>
<datafield tag="880" ind1="1" ind2=" ">
<subfield code="6">490-04/</subfield>
<subfield code="a">مطبوعات المجمع المصرية للثقافة العلمية</subfield>
</datafield>
<datafield tag="830" ind1=" " ind2="0">
<subfield code="6">880-05</subfield>
<subfield code="a">Maṭbūʻāt al-Majmaʻ al-Miṣrī lil-Thaqāfah al-ʻIlmīyah.</subfield>
</datafield>
<datafield tag="880" ind1=" " ind2="0">
<subfield code="6">830-05/</subfield>
<subfield code="a">مطبوعات المجمع المصرية للثقافة العلمية</subfield>
</datafield>
<datafield tag="OWN" ind1=" " ind2=" ">
<subfield code="a">GENERAL</subfield>
</datafield>
<datafield tag="998" ind1=" " ind2=" ">
<subfield code="a">19990527</subfield>
<subfield code="d">19990527</subfield>
<subfield code="d">19990527</subfield>
<subfield code="n">NNU</subfield>
<subfield code="s">1</subfield>
<subfield code="t">c</subfield>
<subfield code="z">p</subfield>
</datafield>
<datafield tag="AVA" ind1=" " ind2=" ">
<subfield code="a">NYU50</subfield>
<subfield code="b">BOBST</subfield>
<subfield code="c">Main Collection</subfield>
<subfield code="d">NK720 .H3</subfield>
<subfield code="e">unavailable</subfield>
<subfield code="t">Unavailable</subfield>
<subfield code="f">1</subfield>
<subfield code="g">1</subfield>
<subfield code="h">N</subfield>
<subfield code="i">0</subfield>
<subfield code="j">MAIN</subfield>
<subfield code="k">0</subfield>
</datafield>
</record>
